<?xml version="1.0" encoding="UTF-8"?>
<marc21:record xmlns:marc21="http://www.loc.gov/MARC21/slim" xmlns:xsi="http://www.w3.org/2001/XMLSchema-instance" xsi:schemaLocation="http://www.loc.gov/MARC21/slim http://www.loc.gov/standards/marcxml/schema/MARC21slim.xsd">
   <marc21:leader>00000nimaa  000005ak4500</marc21:leader>
   <marc21:controlfield tag="008">000000|19761976xx|||||||||||||||||d</marc21:controlfield>
   <marc21:datafield ind1=" " ind2=" " tag="035">
      <marc21:subfield code="a">(DSI-AAA)10737</marc21:subfield>
   </marc21:datafield>
   <marc21:datafield ind1=" " ind2=" " tag="040">
      <marc21:subfield code="a">DSI-AAA</marc21:subfield>
      <marc21:subfield code="e">aacr</marc21:subfield>
   </marc21:datafield>
   <marc21:datafield ind1=" " ind2=" " tag="098">
      <marc21:subfield code="a">Archives of American Art</marc21:subfield>
      <marc21:subfield code="b">AAA</marc21:subfield>
   </marc21:datafield>
   <marc21:datafield ind1="1" ind2=" " tag="100">
      <marc21:subfield code="a">Diebenkorn, Phyllis</marc21:subfield>
      <marc21:subfield code="c" />
      <marc21:subfield code="d" />
      <marc21:subfield code="e" />
   </marc21:datafield>
   <marc21:datafield ind1="0" ind2="0" tag="245">
      <marc21:subfield code="a">Interview with Phyllis Diebenkorn</marc21:subfield>
   </marc21:datafield>
   <marc21:datafield ind1=" " ind2=" " tag="260">
      <marc21:subfield code="c">1976 May 10 or 11</marc21:subfield>
   </marc21:datafield>
   <marc21:datafield ind1=" " ind2=" " tag="300">
      <marc21:subfield code="a">2 sound cassettes</marc21:subfield>
      <marc21:subfield code="b">analog</marc21:subfield>
      <marc21:subfield code="c" />
   </marc21:datafield>
   <marc21:datafield ind1=" " ind2=" " tag="520">
      <marc21:subfield code="a">Typewritten label on cassette gives date as 5/10/76, but Tuchman in his spoken introduction to interview gives date as May 11th. &lt;br&gt;Diebenkorn, interviewed by Tuchman, discusses her husband Richard Diebenkorn's education, his work and transition to figurative painting, and their family's experiences. &lt;br&gt;One of several interviews conducted by Tuchman in conjunction with the 1977 exhibit &lt;em&gt;Richard Diebenkorn: Paintings and Drawings, 1943-1976&lt;/em&gt; at the Los Angeles County Museum of Art.</marc21:subfield>
   </marc21:datafield>
   <marc21:datafield ind1=" " ind2=" " tag="561">
      <marc21:subfield code="a" />
   </marc21:datafield>
   <marc21:datafield ind1=" " ind2=" " tag="590">
      <marc21:subfield code="a" />
   </marc21:datafield>
   <marc21:datafield ind1=" " ind2="0" tag="600">
      <marc21:subfield code="a">Diebenkorn, Richard</marc21:subfield>
      <marc21:subfield code="x" />
      <marc21:subfield code="2" />
   </marc21:datafield>
   <marc21:datafield ind1=" " ind2="7" tag="655">
      <marc21:subfield code="a">Sound Recording</marc21:subfield>
      <marc21:subfield code="x" />
      <marc21:subfield code="2">AAA</marc21:subfield>
   </marc21:datafield>
   <marc21:datafield ind1="1" ind2=" " tag="700">
      <marc21:subfield code="a">Tuchman, Maurice</marc21:subfield>
      <marc21:subfield code="c" />
      <marc21:subfield code="d" />
      <marc21:subfield code="e" />
   </marc21:datafield>
   <marc21:datafield ind1=" " ind2=" " tag="773">
      <marc21:subfield code="t">Maurice Tuchman interviews</marc21:subfield>
      <marc21:subfield code="d">1976</marc21:subfield>
   </marc21:datafield>
   <marc21:datafield ind1=" " ind2=" " tag="852">
      <marc21:subfield code="a">Archives of American Art, Smithsonian Institution</marc21:subfield>
      <marc21:subfield code="e">Washington, D.C. 20560</marc21:subfield>
   </marc21:datafield>
   <marc21:datafield ind1="4" ind2=" " tag="856">
      <marc21:subfield code="3">Record Link</marc21:subfield>
      <marc21:subfield code="u">http://www.aaa.si.edu/collections/items/detail/interview-phyllis-diebenkorn-10737</marc21:subfield>
   </marc21:datafield>
</marc21:record>

